<record><leader>00000cas a2200000 a 4500</leader><controlfield tag="001">11270400</controlfield><controlfield tag="008">841016d18741931iauwr ne      0    0eng c</controlfield><datafield ind1=" " ind2=" " tag="010"><subfield code="a">sn 84038335 </subfield></datafield><datafield ind1=" " ind2=" " tag="040"><subfield code="a">NPX</subfield><subfield code="b">eng</subfield><subfield code="c">NPX</subfield><subfield code="d">INP</subfield><subfield code="d">CVF</subfield><subfield code="d">OCLCQ</subfield></datafield><datafield ind1=" " ind2=" " tag="042"><subfield code="a">pcc</subfield></datafield><datafield ind1="0" ind2=" " tag="130"><subfield code="a">Missouri Valley times (Missouri Valley, Iowa : 1874)</subfield></datafield><datafield ind1="1" ind2="0" tag="245"><subfield code="a">Missouri Valley times.</subfield></datafield><datafield ind1=" " ind2=" " tag="260"><subfield code="a">Missouri Valley, Iowa :</subfield><subfield code="b">D.M. Harris &amp; Sons,</subfield><subfield code="c">-1931.</subfield></datafield><datafield ind1=" " ind2=" " tag="300"><subfield code="a">v.</subfield></datafield><datafield ind1=" " ind2=" " tag="310"><subfield code="a">Weekly</subfield></datafield><datafield ind1="1" ind2=" " tag="362"><subfield code="a">Began in 1874?</subfield><subfield code="z">Cf. Bibl. of Iowa newspapers.</subfield></datafield><datafield ind1="0" ind2=" " tag="362"><subfield code="a">-v. 64, no. 6 (Aug. 13, 1931).</subfield></datafield><datafield ind1=" " ind2=" " tag="500"><subfield code="a">Publisher varies.</subfield></datafield><datafield ind1=" " ind2=" " tag="500"><subfield code="a">"Democratic," &lt;1876&gt;.</subfield></datafield><datafield ind1=" " ind2=" " tag="500"><subfield code="a">Editor: D.M. Harris, &lt;1876&gt;.</subfield></datafield><datafield ind1=" " ind2=" " tag="588"><subfield code="a">Description based on: Vol. 9, no. 11 (Oct. 20, 1876).</subfield></datafield><datafield ind1=" " ind2="0" tag="650"><subfield code="a">Missouri Valley (Iowa)</subfield><subfield code="v">Newspapers.</subfield></datafield><datafield ind1=" " ind2=" " tag="752"><subfield code="a">United States</subfield><subfield code="b">Iowa</subfield><subfield code="c">Harrison</subfield><subfield code="d">Missouri Valley.</subfield></datafield><datafield ind1="0" ind2=" " tag="775"><subfield code="t">Missouri Valley daily times (Missouri Valley, Iowa : 1891)</subfield><subfield code="w">(DLC)sn 85049862</subfield><subfield code="g">Apr. 1891-1931</subfield></datafield><datafield ind1="0" ind2="0" tag="780"><subfield code="t">Harrisonian (Missouri Valley, Iowa)</subfield><subfield code="w">(DLC)sn 84027257</subfield></datafield><datafield ind1="0" ind2="4" tag="785"><subfield code="t">Missouri Valley daily times (Missouri Valley, Iowa : 1891)</subfield><subfield code="w">(DLC)sn 85049862</subfield><subfield code="g">Aug. 15, 1931</subfield></datafield><datafield ind1="1" ind2=" " tag="029"><subfield code="a">AU@</subfield><subfield code="b">000022299363</subfield></datafield></record>